%% This BibTeX bibliography file was created using BibDesk.
%% https://bibdesk.sourceforge.io/

%% Created for Dascha at 2024-10-30 00:56:51 +0300 


%% Saved with string encoding Unicode (UTF-8) 

%@article{ostapiv2025,
%	title={Standardised tool for the assessment of bruxism},
%	author={Manfredini, Daniele and Ahlberg, Jari and Aarab, Ghizlane and Bender, Steven and Bracci, Alessandro and Cistulli, Peter A and Conti, Paulo Cesar and De Leeuw, Reny and Durham, Justin and Emodi-Perlman, Alona and others},
%	journal={Journal of Oral Rehabilitation},
%	volume={51},
%	number={1},
%	pages={29--58},
%	year={2024},
%	publisher={Wiley Online Library}
%}

@techreport{ostapiv2025,
	author = {Алексей Юрьевич Остапив},
	month = {май},
	title = {Отчёт о прохождении горного спортивного туристического маршрута н/к категории сложности по Приэльбрусью},
	type = {н/к},
	year = {2025},
	bdsk-url-1 = {https://www.tlib.ru/zip/04/46/044676.zip},
	url = {https://www.tlib.ru/zip/04/46/044676.zip},
}
%
%
@techreport{rodina2012,
	author = {Оксана Викторовна Родина},
	month = {июль-август},
	title = {Отчёт о прохождении горного спортивного туристического маршрута первой категории сложности по Центральному Тянь-Шаню (хребет Терскей-Алатау)},
	type = {1 к.с.},
	year = {2012},
	url = {https://westra.ru/passes/Reports/1843}
}

@techreport{tipsina2024,
	author = {Наталья Сергеевна Типсина},
	institution = {Федерация спортивного туризма г. Томска},
	month = {июль-август},
	title = {Отчёт о прохождении туристского маршрута первой категории сложности по Центральному Тянь-Шаню (хребет Терскей Алатау)},
	year = {2024}
}

@misc{WestraCat,
	howpublished = {\url{https://westra.ru/passes/}},
	title = {Каталог перевалов т/к <<Вестра>>}
	}

@techreport{sergeev2024,
	author = {Григорий Сергеевич Сергеев},
	title = {Отчёт о прохождении горного туристского спортивного маршрута первой категории сложности по Центральному Тянь-Шаню (хребет Терскей-Алатау)},
	url = {https://westra.ru/passes/Reports/4452},
	year = {28.07.2024 -- 05.08.2024}
	}

@techreport{smurov2024,
	author = {Александр Андреевич Смуров},
	date-added = {2024-05-25 02:35:04 +0300},
	date-modified = {2024-05-25 02:47:32 +0300},
	institution = {Турклуб <<Муравейник>>},
	title = {Отчёт оо горном туристском походе первой категории сложности по  Терскею Алатау},
	type = {Горный, 1 к.с.},
	url = {https://westra.ru/passes/Reports/4558},
	year = {05.08.2024 -- 25.08.2024}
	}

@techreport{kovinov2021,
	author = {Дмитрий Ковинов},
	date-added = {2024-05-25 02:24:33 +0300},
	date-modified = {2024-05-25 02:47:22 +0300},
	title = {Киргизия. Неклассическая линия по Терскей-Ала-Тоо},
	url = {https://www.kovinov.com/asia/kirgizija-terskej-alatoo/},
	year = {16.07.2021 -- 30.07.2021}
	}
	
@techreport{Snegovskaya2024,
	author = {Дарья Алексеевна Снеговская},
	date-added = {2024-05-25 02:44:38 +0300},
	date-modified = {2024-05-25 02:47:12 +0300},
	institution = {ГС МФТИ},
	title = {Отчёт о горном маршруте 1 к.с. по Гвандре (Зап. Кавказ), совершённом в период с 18 по 30 августа 2024 года.},
	type = {Горный, 1 к.с.},
	url = {https://www.tlib.ru/zip/04/44/044492.zip},
	year = {18.08.2024 -- 30.08.2024},
	bdsk-url-1 = {https://www.tlib.ru/zip/04/44/044492.zip}}

%@online{proza,
%	title = {Краткий словарь географических названий},
%	url = {https://studopedia.ru/12_23868_l-v-vegener.html},
%	urldate = {2024-10-26},
%	
%}